@incollection{ben2013agent,
  title={Agent-time epistemics and coordination},
  author={Ben-Zvi, Ido and Moses, Yoram},
  booktitle={Logic and Its Applications},
  pages={97--108},
  volume={7750},
  year={2013},
  publisher={Springer},
  series={LNCS}
}

@incollection{WL04lkcrt,
  title={A Logic for Knowledge, Correctness, and Real Time},
  author={Wo{\'z}na, Bo{\.z}ena and Lomuscio, Alessio},
  booktitle={Computational Logic in Multi-Agent Systems},
  pages={1--15},
  volume={3487},
  series={LNCS},
  year={2004},
  publisher={Springer}
}

@inproceedings{CPS09ltr,
  author = {Christian Colombo and Gordon J. Pace and Gerardo Schneider},
  title = {{LARVA --- Safer Monitoring of Real-Time Java Programs (Tool Paper)}},
  booktitle = {7th IEEE International Conference on Software Engineering and Formal Methods (SEFM'09)},
  pages = {33--37},
  year = {2009},
  address = {Hanoi, Vietnam},
  month = {23--27 November},
  publisher = {IEEE Computer Society},
  doi = {10.1109/SEFM.2009.13},
  issn = {},
  isbn = {978-0-7695-3870-9}
}

@inproceedings{CPS08lrt,
  author = {Christian Colombo and Gordon J. Pace and Gerardo Schneider},
  title = {Dynamic Event-Based Runtime Monitoring of Real-Time and Contextual Properties},
  year = {2009},
  month = {September},
  booktitle = {{13th International Workshop on Formal Methods for Industrial Critical Systems (FMICS'08)}},
  pages = {135--149},
  opteditor = {},
  volume = {5596},
  series = {LNCS},
  address = {L'Aquila, Italy},
  publisher = {Springer-Verlag},
  pdf = {fmics2008.pdf},
  doi = {10.1007/978-3-642-03240-0_13},
  issn = {0302-9743},
  isbn = {978-3-642-03239-4}
}

@article{pucella2013knowledge,
  title={Knowledge and Security},
  author={Pucella, Riccardo},
  journal={arXiv preprint arXiv:1305.0876},
  year={2013}
}

@incollection{GvdM04MCK,
year={2004},
isbn={978-3-540-22342-9},
booktitle={Computer Aided Verification},
volume={3114},
series={Lecture Notes in Computer Science},
editor={Alur, Rajeev and Peled, DoronA.},
doi={10.1007/978-3-540-27813-9_41},
title={MCK: Model Checking the Logic of Knowledge},
url={http://dx.doi.org/10.1007/978-3-540-27813-9_41},
publisher={Springer Berlin Heidelberg},
author={Gammie, Peter and van der Meyden, Ron},
pages={479-483},
language={English}
}

@article{C70rmdlsdb,
 author = {Codd, E. F.},
 title = {A Relational Model of Data for Large Shared Data Banks},
 journal = {Commun. ACM},
 issue_date = {June 1970},
 volume = {13},
 number = {6},
 month = jun,
 year = {1970},
 issn = {0001-0782},
 pages = {377--387},
 numpages = {11},
 url = {http://doi.acm.org/10.1145/362384.362685},
 doi = {10.1145/362384.362685},
 acmid = {362685},
 publisher = {ACM},
 address = {New York, NY, USA},
 keywords = {composition, consistency, data bank, data base, data
                  integrity, data organization, data structure,
                  derivability, hierarchies of data, join, networks of
                  data, predicate calculus, redundancy, relations,
                  retrieval language, security},
}

@article{bE08sns,
  author = {danah boyd and Nicole B. Ellison},
  title = {Social network sites: Definition, history, and scholarship},
  journal = {Journal of Computer-Mediated Communication},
  volume = {13},
  pages = {210-230},
  year = {2008}
}

@book{K14cn,
 author = {Erciyes, Kayhan},
 title = {Complex Networks: An Algorithmic Perspective},
 year = {2014},
 isbn = {1466571667, 9781466571662},
 edition = {1st},
 publisher = {CRC Press, Inc.},
 address = {Boca Raton, FL, USA},
}

@InBook{EVS+11npc,
  author = 	 {Nicole B. Ellison and Jessica Vitak and Charles Steinfield and Rebecca Gray and Cliff Lampe},
  ALTeditor = 	 {Sabine Trepte and Leonard Reinecke},
  title = 	 {Privacy Online},
  chapter = 	 {3: Negotiating Privacy Concerns and Social Capital Needs in a Social Media Environment},
  publisher = 	 {Springer},
  year = 	 {2011},
  OPTkey = 	 {},
  OPTvolume = 	 {},
  OPTnumber = 	 {},
  OPTseries = 	 {},
  OPTtype = 	 {},
  OPTaddress = 	 {},
  OPTedition = 	 {},
  OPTmonth = 	 {},
  pages = 	 {19-32}
 }

@inproceedings{PCPS16aaeppsn,
author={Ra\'ul Pardo and Christian Colombo and  Gordon J. Pace and Gerardo Schneider},
title={An Automata-based Approach to Evolving Privacy Policies for Social Networks},
year={2016},
OPTisbn={},
booktitle={RV'16},
OPTvolume={},
series={LNCS},
OPTseries={},
OPTeditor={},
OPTdoi={},
OPTurl={},
OPTpublisher={},
OPTpages={},
language={English},
note={To appear.}
}

@inproceedings{PKSS16sepposn,
author={Ra\'ul Pardo and Ivana Kelly\'erov\'a and C\'esar S\'anchez and Gerardo Schneider},
title={Specification of Evolving Privacy Policies for Online Social Networks},
year={2016},
OPTisbn={},
booktitle={TIME'16},
OPTvolume={},
OPTseries={},
OPTseries={},
OPTeditor={},
OPTdoi={},
OPTurl={},
publisher={IEEE Society Press},
OPTpages={},
language={English},
note={To appear.}
}

@inproceedings{PS14fpp,
author={Ra\'ul Pardo and Gerardo Schneider},
title={A Formal Privacy Policy Framework for Social Networks},
year={2014},
isbn={978-3-319-10430-0},
booktitle={SEFM'14},
volume={8702},
series={LNCS},
OPTseries={Lecture Notes in Computer Science},
OPTeditor={Giannakopoulou, Dimitra and SalaÃ¼n, Gwen},
doi={10.1007/978-3-319-10431-7_30},
url={http://dx.doi.org/10.1007/978-3-319-10431-7_30},
publisher={Springer},
pages={378-392},
language={English}
}

@inproceedings{GKB12dim,
  author    = {Benjamin Greschbach and
               Gunnar Kreitz and
               Sonja Buchegger},
  title     = {The devil is in the metadata - New privacy challenges in
               Decentralised Online Social Networks},
  booktitle = {PerCom Workshops},
  year      = {2012},
  pages     = {333-339},
  publisher = {IEEE},
  isbn      = {978-1-4673-0905-9}
}


@inproceedings{DBC+11upp,
  author    = {Anupam Datta and
               Jeremiah Blocki and
               Nicolas Christin and
               Henry DeYoung and
               Deepak Garg and
               Limin Jia and
               Dilsun Kirli Kaynar and
               Arunesh Sinha},
  title     = {Understanding and Protecting Privacy: Formal Semantics and
               Principled Audit Mechanisms},
  booktitle = {ICISS},
  year      = {2011},
  pages     = {1-27},
  opteditor    = {Sushil Jajodia and
               Chandan Mazumdar},
  publisher = {Springer},
  series    = {LNCS},
  volume    = {7093},
  isbn      = {978-3-642-25559-5},
  optee        = {http://dx.doi.org/10.1007/978-3-642-25560-1_1},
}


@inproceedings{LR97rbi,
  author    = {Alessio Lomuscio and
               Mark Ryan},
  title     = {On the Relation between Interpreted Systems and Kripke Models},
  booktitle = {Agents and Multi-Agent Systems Formalisms, Methodologies,
               and Applications},
  year      = {1997},
  pages     = {46-59},
  publisher = {Springer},
  series    = {LNCS},
  volume    = {1441},
  isbn      = {3-540-64769-4},
  opteditor    = {Wayne Wobcke and
               Maurice Pagnucco and
               Chengqi Zhang},
  optee        = {http://dx.doi.org/10.1007/BFb0055019},
}

@inproceedings{L13pbd,
 author = {Le M{\'e}tayer, Daniel},
 title = {Privacy by Design: A Formal Framework for the Analysis of Architectural Choices},
 OPTbooktitle = {Proceedings of the Third ACM Conference on Data and Application Security and Privacy},
 booktitle = {CODASPY'13},
OPTseries = {CODASPY'13},
 year = {2013},
 isbn = {978-1-4503-1890-7},
 OPTlocation = {San Antonio, Texas, USA},
 pages = {95--104},
 OPTdoi = {http://doi.acm.org/10.1145/2435349.2435361},
 publisher = {ACM},
OPTaddress = {New York, NY, USA}
}


@InProceedings{SLG13fel,
  author    = {Jeremy Seligman and
               Fenrong Liu and
               Patrick Girard},
  title     = {Facebook and the Epistemic Logic of Friendship},
  optbooktitle = {Proc.~of the 14th Conf. on Theoretical Aspects of Rationality and Knowledge (TARK'13)},
  booktitle = {TARK'13},
  OPTpages = 	 {},
  year = 	 {2013},
  OPTeditor = 	 {},
  OPTvolume = 	 {},
  OPTnumber = 	 {},
  OPTseries = 	 {},
  OPTaddress = 	 {},
  OPTmonth = 	 {},
  OPTorganization = {},
  OPTpublisher = {},
  OPTnote = 	 {},
  OPTannote = 	 {}
}

@book{FHM+95rk,
  title={Reasoning about knowledge},
  author={Fagin, Ronald and Halpern, Joseph Y and Moses, Yoram and Vardi, Moshe Y},
  volume={4},
  year={1995},
  publisher={MIT press Cambridge}
}

@article{HK08sms,
  title={Secrecy in multiagent systems},
  author={Halpern, Joseph Y and O'Neill, Kevin R},
  journal={ACM Transactions on Information and System Security (TISSEC)},
  volume={12},
  number={1},
  pages={5},
  year={2008},
  publisher={ACM}
}

@book{MH95elaics,
 author = {Meyer, John-Jules Ch and Hoek, Wiebe Van Der},
 title = {Epistemic Logic for AI and Computer Science},
 year = {1995},
 isbn = {052146014X},
 publisher = {Cambridge University Press},
 address = {New York, NY, USA},
}

@article{BCL09avtepcp,
  title={Automatic verification of temporal-epistemic properties of cryptographic protocols},
  author={Boureanu, Ioana and Cohen, Mika and Lomuscio, Alessio},
  journal={Journal of Applied Non-Classical Logics},
  volume={19},
  number={4},
  pages={463--487},
  year={2009},
  publisher={Taylor \& Francis}
}

@inproceedings{LQR09MCMAS,
  title={MCMAS: A model checker for the verification of multi-agent systems},
  author={Lomuscio, Alessio and Qu, Hongyang and Raimondi, Franco},
  booktitle={Computer Aided Verification},
  pages={682--688},
  year={2009},
  organization={Springer}
}

@inproceedings{AC12lckksdp,
  title={Learning is change in knowledge: Knowledge-based security for dynamic policies},
  author={Askarov, Aslan and Chong, Stephen},
  booktitle={Computer Security Foundations Symposium (CSF), 2012 IEEE 25th},
  pages={308--322},
  year={2012},
  organization={IEEE}
}


@incollection{B13lifadp,
  title={A logic for information flow analysis of distributed programs},
  author={Balliu, Musard},
  booktitle={Secure IT Systems},
  pages={84--99},
  year={2013},
  publisher={Springer}
}

@incollection{RT11lkfsn,
  title={A logic for knowledge flow in social networks},
  author={Ruan, Ji and Thielscher, Michael},
  booktitle={AI 2011: Advances in Artificial Intelligence},
  pages={511--520},
  year={2011},
  publisher={Springer}
}

@inproceedings{BFS+12rbaceehl,
  title={Relationship-based access control: its expression and enforcement through hybrid logic},
  author={Bruns, Glenn and Fong, Philip WL and Siahaan, Ida and Huth, Michael},
  OPTbooktitle={Proceedings of the second ACM conference on Data and Application Security and Privacy},
  booktitle={CODASPY'12},
  pages={117--124},
  year={2012},
  organization={ACM}
}

@inproceedings{F11rbacppl,
 author = {Fong, Philip W.L.},
 title = {Relationship-based Access Control: Protection Model and Policy Language},
 optbooktitle = {Proceedings of the First ACM Conference on Data and Application Security and Privacy},
 booktitle = {CODASPY'11},
 year = {2011},
 isbn = {978-1-4503-0466-5},
 OPTlocation = {San Antonio, TX, USA},
 pages = {191--202},
 opturl = {http://doi.acm.org/10.1145/1943513.1943539},
 doi = {10.1145/1943513.1943539},
 acmid = {1943539},
 publisher = {ACM},
 optaddress = {New York, NY, USA},
 optkeywords = {contexts, electronic health records, modal logic, policy language, relationship-based access control, social networks},
}


@inproceedings{FAZ09ppmfsns,
author={Fong, PhilipW.L. and Anwar, Mohd and Zhao, Zhen},
year={2009},
isbn={978-3-642-04443-4},
booktitle={ESORICS'09},
volume={5789},
series={LNCS},
opteditor={Backes, Michael and Ning, Peng},
doi={10.1007/978-3-642-04444-1_19},
title={A Privacy Preservation Model for Facebook-Style Social Network Systems},
publisher={Springer},
pages={303-320}
}

@ARTICLE{ZSZ+10psosnco,
author={Chi Zhang and Jinyuan Sun and Xiaoyan Zhu and Yuguang Fang},
journal={Network, IEEE},
title={Privacy and security for online social networks: challenges and opportunities},
year={2010},
month={July},
volume={24},
number={4},
pages={13-18},
keywords={Internet;data privacy;social networking (online);Facebook;Myspace;OSN;Twitter;online social network privacy;online social network security;social interactions},
doi={10.1109/MNET.2010.5510913},
ISSN={0890-8044},}

@article{ABT11dlpc,
year={2011},
issn={0924-8463},
journal={Artificial Intelligence and Law},
volume={19},
number={2-3},
doi={10.1007/s10506-011-9114-3},
title={A dynamic logic for privacy compliance},
url={http://dx.doi.org/10.1007/s10506-011-9114-3},
publisher={Springer Netherlands},
author={Aucher, Guillaume and Boella, Guido and Torre, Leendert},
pages={187-231},
language={English}
}

@article{GS12gddl,
  title={General dynamic dynamic logic},
  author={Seligman, Patrick Girard Jeremy and Liu, Fenrong},
  year={2012},
  publisher={Citeseer}
}

@article{BEK06lcc,
  title={Logics of communication and change},
  author={Benthem, Johan van and Eijck, Jan van and Kooi, Barteld},
  journal={Information and computation},
  volume={204},
  number={11},
  pages={1620--1662},
  year={2006},
  publisher={Elsevier}
}

@inproceedings{HC13bsal,
 author = {Hirsch, Andrew K. and Clarkson, Michael R.},
 title = {Belief Semantics of Authorization Logic},
 booktitle = {Proceedings of the 2013 ACM SIGSAC Conference on Computer \&\#38; Communications Security},
 series = {CCS '13},
 year = {2013},
 isbn = {978-1-4503-2477-9},
 location = {Berlin, Germany},
 pages = {561--572},
 numpages = {12},
 url = {http://doi.acm.org/10.1145/2508859.2516667},
 doi = {10.1145/2508859.2516667},
 acmid = {2516667},
 publisher = {ACM},
 address = {New York, NY, USA},
 keywords = {authorization logic, cdd, nal},
}

%% Emperical studies about privacy in SNS

@inproceedings{MJB12spse+, 
author={Madejski, M. and Johnson, M. and Bellovin, S.M.},
OPTbooktitle={Pervasive Computing and Communications Workshops (PERCOM
                   Workshops), 2012 IEEE International Conference on},
OPTbooktitle={IEEE International Conference on Pervasive Computing and Communication Workshops},
series={PERCOM Workshops'12},
title={A study of privacy settings errors in an online social network},
year={2012},
publisher={IEEE},
OPTmonth={March},
pages={340--345},
OPTkeywords={Internet;authorisation;social networking (online);Facebook
                  privacy settings;Internet;OSN users;access control
                  policies;online social network;personal information
                  sharing;privacy setting errors;professionally
                  trained system administrators;sharing
                  intentions;Access control;Atmospheric
                  measurements;Data privacy;Facebook;Particle
                  measurements;Privacy;privacy;social networking},
OPTdoi={10.1109/PerComW.2012.6197507}
}

@inproceedings{JEM12fpc,
 author = {Johnson, Maritza and Egelman, Serge and Bellovin, Steven M.},
 title = {Facebook and Privacy: It's Complicated},
 OPTbooktitle = {Proceedings of the Eighth Symposium on Usable Privacy and Security},
 series = {SOUPS '12},
 year = {2012},
 isbn = {978-1-4503-1532-6},
 location = {Washington, D.C.},
 pages = {9:1--9:15},
 articleno = {9},
 numpages = {15},
 OPTurl = {http://doi.acm.org/10.1145/2335356.2335369},
 OPTdoi = {10.1145/2335356.2335369},
 acmid = {2335369},
 publisher = {ACM},
 address = {New York, NY, USA},
 keywords = {access control, privacy, social networking},
} 

@inproceedings{YKBA11afps+,
 author = {Liu, Yabing and Gummadi, Krishna P. and Krishnamurthy, Balachander and Mislove, Alan},
 title = {Analyzing Facebook Privacy Settings: User Expectations vs. Reality},
 OPTbooktitle = {Proceedings of the 2011 ACM SIGCOMM Conference on Internet Measurement Conference},
 series = {IMC '11},
 year = {2011},
 OPTisbn = {978-1-4503-1013-0},
 OPTlocation = {Berlin, Germany},
 pages = {61--70},
 numpages = {10},
 OPTurl = {http://doi.acm.org/10.1145/2068816.2068823},
 OPTdoi = {10.1145/2068816.2068823},
 OPTacmid = {2068823},
 publisher = {ACM},
 OPTaddress = {New York, NY, USA},
 OPTkeywords = {facebook, measurement, online social networks, privacy},
} 

@article{MJB11fosn+,
  title={The failure of online social network privacy settings},
  author={Madejski, Michelle and Johnson, Maritza Lupe and Bellovin, Steven Michael},
  year={2011}
}

@article{SNSuse,
  title={Social Media \& Mobile Internet Use among Teens and Young Adults. Millennials.},
  author={Lenhart, Amanda and Purcell, Kristen and Smith, Aaron and Zickuhr, Kathryn},
  journal={Pew Internet \& American Life Project},
  year={2010},
  publisher={ERIC}
}

%% Licentiate
@book{PardoLic,
author={Pardo, Ra\'ul},
title={Formalising Privacy Policies for Social Networks},
OPTabstract={Social Network Services (SNSs) have changed the way people
                  communicate, bringing many benefits but also the
                  possibility of new threats. Privacy is one of
                  them. We present here a framework to write privacy
                  policies for SNSs and to reason about such policies
                  in the presence of events making the network to
                  evolve. The framework includes a model of SNSs, a
                  logic to specify properties and reasoning about the
                  knowledge of the users (agents) of the SNS, and a
                  formal language to write privacy policies. Agents
                  are enhanced with a reasoning engine allowing to
                  infer knowledge from previously acquired one. To
                  describe the way SNSs may evolve, we provide
                  operational semantics rules which are classified
                  into four categories: epistemic, topological,
                  policy, and hybrid, depending on whether the events
                  under consideration change the knowledge of the SNS'
                  users, the structure of the social graph, the
                  privacy policies, or a combination of the above,
                  respectively. We provide specific rules for
                  describing Twitter's behaviour, and prove that it is
                  privacy-preserving (i.e., that privacy is preserved
                  under any possible event of the system). We also
                  show how Twitter and Facebook are not
                  privacy-preserving in the presence of additional
                  natural privacy policies.},
publisher={Department of Computer Science and Engineering, Chalmers University of Technology},
place={Göteborg},
year={2015},
keywords={Privacy, Social Networks, Epistemic Logic, Knowledge base},
note={Pages 102. Licentiate thesis.},
}


%% Websites

@misc{alexaranking,
  title = {Alexa-Ranking},
  howpublished = {http://www.alexa.com/topsites},
  note = {Accessed: 2016-04-29}
}

@misc{TwitterWeb,
  title = {Twitter, Inc.},
  howpublished = {https://twitter.com/},
  note = {Accessed: 2016-04-29}
}

@misc{FacebookWeb,
  title = {Facebook.},
  howpublished = {https://www.facebook.com/},
  note = {Accessed: 2016-04-29}
}

@misc{PinterestWeb,
  title = {Pinterest.},
  howpublished = {\url{https://www.pinterest.com/}},
  note = {Accessed: 2016-04-29}
}

@misc{FoursquareWeb,
  title = {Foursquare.},
  howpublished = {\url{https://foursquare.com/}},
  note = {Accessed: 2016-04-29}
}

@misc{DiasporaWeb,
  title = {Diaspora*.},
  howpublished = {https://joindiaspora.com/},
  note = {Accessed: 2015-05-20}
}

@misc{ppfDiaspora,
  title = {\fppf~Diaspora*.},
  howpublished = {Test pod: https://ppf-diaspora.raulpardo.org. Code: https://github.com/ raulpardo/ppf-diaspora.},
  note = {Accessed: 2016-05-20}
}

%% Technical report
@techreport{techreport,
	author = {Pardo, Raul and Balliu, Musard and Schneider, Gerardo},
	institution = {Chalmers University of Technology},
	title = {A Formal Approach to Preserving Privacy in Social Networks (Extended Version)},
        url = {http://www.cse.chalmers.se/~pardo/ppf-full-version.pdf}
}
